@inproceedings{performance_of_interpreters,
    author = {Rohou, Erven and Swamy, Bharath Narasimha and Seznec, Andr{\'e}},
    title = {Branch Prediction and the Performance of Interpreters: Don'T Trust Folklore},
    booktitle = {Proceedings of the 13th Annual IEEE/ACM International Symposium on Code Generation and Optimization},
    series = {CGO '15},
    year = {2015},
    isbn = {978-1-4799-8161-8},
    location = {San Francisco, California},
    pages = {103--114},
    numpages = {12},
    url = {http://dl.acm.org/citation.cfm?id=2738600.2738614},
    acmid = {2738614},
    publisher = {IEEE Computer Society},
    address = {Washington, DC, USA},
} 
@article{ertl2003structure,
	title={The structure and performance of efficient interpreters},
	author={Ertl, M Anton and Gregg, David},
	journal={Journal of Instruction-Level Parallelism},
	volume={5},
	pages={1--25},
	year={2003}
}
